@article{hosseini2009particle,
  title={A particle-based model for the transport of erythrocytes in capillaries},
  author={Hosseini, S Majid and Feng, James J},
  journal={Chemical engineering science},
  volume={64},
  number={22},
  pages={4488--4497},
  year={2009},
  publisher={Elsevier}
}

@article{sun2015numerical,
  doi={10.1016/j.coastaleng.2015.11.007},
  title={Numerical simulation of interactions between free surface and rigid body using a robust SPH method},
  author={Sun, Pengnan and Ming, Furen and Zhang, Aman},
  journal={Ocean Engineering},
  volume={98},
  pages={32--49},
  year={2015},
  publisher={Elsevier}
}

@article{yang2016numerical,
  title={Numerical modeling of dam-break flow impacting on flexible structures using an improved SPH--EBG method},
  author={Yang, Xiufeng and Liu, Moubin and Peng, Shiliu and Huang, Chenguang},
  journal={Coastal Engineering},
  volume={108},
  pages={56--64},
  year={2016},
  publisher={Elsevier}
}


@article{wu2016coupled,
  title={A coupled SPH-DEM model for fluid-structure interaction problems with free-surface flow and structural failure},
  author={Wu, Ke and Yang, Dongmin and Wright, Nigel},
  journal={Computers \& Structures},
  volume={177},
  pages={141--161},
  year={2016},
  publisher={Elsevier}
}



@article{He2017coupled,
  doi = {10.1080/10618562.2017.1324149},
  url = {https://doi.org/10.1080/10618562.2017.1324149},
  year = {2017},
  month = mar,
  publisher = {Informa {UK} Limited},
  volume = {31},
  number = {3},
  pages = {174--187},
  author = {Jiandong He and Nima Tofighi and Mehmet Yildiz and Juanmian Lei and Afzal Suleman},
  title = {A coupled {WC}-{TL} {SPH} method for simulation of hydroelastic problems},
  journal = {International Journal of Computational Fluid Dynamics}
}


@article{khayyer2018enhanced,
  title={An enhanced ISPH--SPH coupled method for simulation of incompressible fluid--elastic structure interactions},
  author={Khayyer, Abbas and Gotoh, Hitoshi and Falahaty, Hosein and Shimizu, Yuma},
  journal={Computer Physics Communications},
  volume={232},
  pages={139--164},
  year={2018},
  publisher={Elsevier}
}


@article{Sun2019study,
  doi = {10.1016/j.enganabound.2019.03.033},
  url = {https://doi.org/10.1016/j.enganabound.2019.03.033},
  year = {2019},
  month = jul,
  publisher = {Elsevier {BV}},
  volume = {104},
  pages = {240--258},
  author = {P.N. Sun and D. Le Touz{\'{e}} and A.-M. Zhang},
  title = {Study of a complex fluid-structure dam-breaking benchmark problem using a multi-phase {SPH} method with {APR}},
  journal = {Engineering Analysis with Boundary Elements}
}


@article{zhan2019stabilized,
  title={A stabilized TL--WC SPH approach with GPU acceleration for three-dimensional fluid--structure interaction},
  author={Zhan, Ling and Peng, Chong and Zhang, Bingyin and Wu, Wei},
  journal={Journal of Fluids and Structures},
  volume={86},
  pages={329--353},
  year={2019},
  publisher={Elsevier}
}



@article{wang2020scale,
  title={A scale-invariant bonded particle model for simulating large deformation and failure of continua},
  author={Wang, Min},
  journal={Computers and Geotechnics},
  volume={126},
  pages={103735},
  year={2020},
  publisher={Elsevier}
}

@article{ng2020coupled,
  title={A coupled Smoothed Particle Hydrodynamics-Volume Compensated Particle Method (SPH-VCPM) for Fluid Structure Interaction (FSI) modelling},
  author={Ng, KC and Alexiadis, A and Chen, Hailong and Sheu, TWH},
  journal={Ocean Engineering},
  volume={218},
  pages={107923},
  year={2020},
  publisher={Elsevier}
}


@article{sun2021accurate,
  title={An accurate FSI-SPH modeling of challenging fluid-structure interaction problems in two and three dimensions},
  author={Sun, Peng-Nan and Le Touz{\'e}, David and Oger, Guillaume and Zhang, A-Man},
  journal={Ocean Engineering},
  volume={221},
  pages={108552},
  year={2021},
  publisher={Elsevier}
}


@article{khayyer2021multi,
  title={Multi-resolution ISPH-SPH for accurate and efficient simulation of hydroelastic fluid-structure interactions in ocean engineering},
  author={Khayyer, Abbas and Shimizu, Yuma and Gotoh, Hitoshi and Hattori, Shunsuke},
  journal={Ocean Engineering},
  pages={108652},
  year={2021},
  publisher={Elsevier}
}


@article{long2021coupling,
  title={Coupling edge-based smoothed finite element method with smoothed particle hydrodynamics for fluid structure interaction problems},
  author={Long, Ting and Huang, Can and Hu, Dean and Liu, Moubin},
  journal={Ocean Engineering},
  volume={225},
  pages={108772},
  year={2021},
  publisher={Elsevier}
}

@article{peng2021coupling,
  title={Coupling of WCSPH and RKPM for the simulation of incompressible fluid--structure interactions},
  author={Peng, Yu-Xiang and Zhang, A-Man and Wang, Shi-Ping},
  journal={Journal of Fluids and Structures},
  volume={102},
  pages={103254},
  year={2021},
  publisher={Elsevier}
}

@article{zhang2021deltasph,
  title={A $\delta$SPH--SPIM coupled method for fluid--structure interaction problems},
  author={Zhang, Guiyong and Hu, Taian and Sun, Zhe and Wang, Shuangqiang and Shi, Shuwen and Zhang, Zhifan},
  journal={Journal of Fluids and Structures},
  volume={101},
  pages={103210},
  year={2021},
  publisher={Elsevier}
}


@article{sun2019fully,
  title={A fully Lagrangian method for fluid--structure interaction problems with deformable floating structure},
  author={Sun, Yijie and Xi, Guang and Sun, Zhongguo},
  journal={Journal of Fluids and Structures},
  volume={90},
  pages={379--395},
  year={2019},
  publisher={Elsevier}
}


@article{hwang2014development,
  title={Development of a fully Lagrangian MPS-based coupled method for simulation of fluid--structure interaction problems},
  author={Hwang, Sung-Chul and Khayyer, Abbas and Gotoh, Hitoshi and Park, Jong-Chun},
  journal={Journal of Fluids and Structures},
  volume={50},
  pages={497--511},
  year={2014},
  publisher={Elsevier}
}

@article{zhang2021partitioned,
  title={Partitioned MPS-FEM method for free-surface flows interacting with deformable structures},
  author={Zhang, Guanyu and Zhao, Weiwen and Wan, Decheng},
  journal={Applied Ocean Research},
  volume={114},
  pages={102775},
  year={2021},
  publisher={Elsevier}
}



@article{connor2021fluid,
  title={A fluid--structure interaction model for free-surface flows and flexible structures using smoothed particle hydrodynamics on a GPU},
  author={O'Connor, Joseph and Rogers, Benedict D},
  journal={Journal of Fluids and Structures},
  volume={104},
  pages={103312},
  year={2021},
  publisher={Elsevier}
}


@article{nasar2019flexible,
  title={Flexible slender body fluid interaction: Vector-based discrete element method with Eulerian smoothed particle hydrodynamics},
  author={Nasar, AMA and Rogers, Benedict D and Revell, Alistair and Stansby, PK},
  journal={Computers \& Fluids},
  volume={179},
  pages={563--578},
  year={2019},
  publisher={Elsevier}
}

@article{khayyer2021coupled,
  title={A coupled incompressible SPH-Hamiltonian SPH solver for hydroelastic FSI corresponding to composite structures},
  author={Khayyer, Abbas and Shimizu, Yuma and Gotoh, Hitoshi and Nagashima, Ken},
  journal={Applied Mathematical Modelling},
  volume={94},
  pages={242--271},
  year={2021},
  publisher={Elsevier}
}


@article{monaghan-gingold-stars-mnras-77,
    AUTHOR = {R. A. Gingold and J. J. Monaghan},
    TITLE = {Smoothed particle hydrodynamics: Theory and
              application to non-spherical stars},
    JOURNAL = "Monthly Notices of the Royal Astronomical Society",
    YEAR  = "1977",
    VOLUME = 181,
    PAGES = "375--389"
}

@article{sph:xsph:monaghan-jcp89,
    author = {J. J. Monaghan},
    title = {On the problem of penetration in particle methods},
    journal = {Journal of Computational Physics},
    year = 1989,
    volume = 82,
    pages = {1--15}
}

@article{sph:fsf:monaghan-jcp94,
    author = {J. J. Monaghan},
    title = {Simulating Free Surface Flows with {SPH}},
    journal = {Journal of Computational Physics},
    year = 1994,
    volume = 110,
    pages = {399--406}
}

@article{zhang_hu_adams17,
 author = {Zhang, Chi. and Hu, Xiangyu Y. T. and Adams, Nikolaus A},
 title = {A generalized transport-velocity formulation for smoothed particle hydrodynamics},
 journal = {Journal of Computational Physics},
 volume = {337},
 year = {2017},
 pages = {216--232},
 }


@InProceedings{PR:pysph:scipy16,
  author    = {Prabhu Ramachandran},
  title     = {{PySPH}: a reproducible and high-performance framework for smoothed particle hydrodynamics },
  booktitle = { {P}roceedings of the 15th {P}ython in {S}cience {C}onference },
  pages     = { 127 - 135 },
  year      = { 2016 },
  editor    = { Sebastian Benthall and Scott Rostrup }
}

@Misc{pysph,
  author =    {Prabhu Ramachandran and Kunal Puri and others},
  title =     {{PySPH}: a Python-based {SPH} framework},
  year =      {2010--},
  url = {http://pypi.python.org/pypi/PySPH/}
}

@ARTICLE{pr:automan:2018,
author = {Prabhu Ramachandran},
journal = {Computing in Science \& Engineering},
title = {automan: A Python-Based Automation Framework for Numerical Computing},
year = {2018},
volume = {20},
number = {5},
pages = {81-97},
doi = {10.1109/MCSE.2018.05329818},
month={Sep./Oct.}
}


@article{monaghan-review:2005,
        AUTHOR = {J. J. Monaghan},
        TITLE = "{Smoothed Particle Hydrodynamics}",
        JOURNAL = "{Reports on Progress in Physics}",
        YEAR =  "2005",
        VOLUME = "68",
        PAGES = "1703-1759"
}
