@article{hosseini2009particle,
  title={A particle-based model for the transport of erythrocytes in capillaries},
  author={Hosseini, S Majid and Feng, James J},
  journal={Chemical engineering science},
  volume={64},
  number={22},
  pages={4488--4497},
  year={2009},
  publisher={Elsevier}
}

@article{sun2015numerical,
  doi={10.1016/j.coastaleng.2015.11.007},
  title={Numerical simulation of interactions between free surface and rigid body using a robust SPH method},
  author={Sun, Pengnan and Ming, Furen and Zhang, Aman},
  journal={Ocean Engineering},
  volume={98},
  pages={32--49},
  year={2015},
  publisher={Elsevier}
}

@article{yang2016numerical,
  title={Numerical modeling of dam-break flow impacting on flexible structures using an improved SPH--EBG method},
  author={Yang, Xiufeng and Liu, Moubin and Peng, Shiliu and Huang, Chenguang},
  journal={Coastal Engineering},
  volume={108},
  pages={56--64},
  year={2016},
  publisher={Elsevier}
}


@article{wu2016coupled,
  title={A coupled SPH-DEM model for fluid-structure interaction problems with free-surface flow and structural failure},
  author={Wu, Ke and Yang, Dongmin and Wright, Nigel},
  journal={Computers \& Structures},
  volume={177},
  pages={141--161},
  year={2016},
  publisher={Elsevier}
}



@article{He2017coupled,
  doi = {10.1080/10618562.2017.1324149},
  url = {https://doi.org/10.1080/10618562.2017.1324149},
  year = {2017},
  month = mar,
  publisher = {Informa {UK} Limited},
  volume = {31},
  number = {3},
  pages = {174--187},
  author = {Jiandong He and Nima Tofighi and Mehmet Yildiz and Juanmian Lei and Afzal Suleman},
  title = {A coupled {WC}-{TL} {SPH} method for simulation of hydroelastic problems},
  journal = {International Journal of Computational Fluid Dynamics}
}


@article{khayyer2018enhanced,
  title={An enhanced ISPH--SPH coupled method for simulation of incompressible fluid--elastic structure interactions},
  author={Khayyer, Abbas and Gotoh, Hitoshi and Falahaty, Hosein and Shimizu, Yuma},
  journal={Computer Physics Communications},
  volume={232},
  pages={139--164},
  year={2018},
  publisher={Elsevier}
}


@article{Sun2019study,
  doi = {10.1016/j.enganabound.2019.03.033},
  url = {https://doi.org/10.1016/j.enganabound.2019.03.033},
  year = {2019},
  month = jul,
  publisher = {Elsevier {BV}},
  volume = {104},
  pages = {240--258},
  author = {P.N. Sun and D. Le Touz{\'{e}} and A.-M. Zhang},
  title = {Study of a complex fluid-structure dam-breaking benchmark problem using a multi-phase {SPH} method with {APR}},
  journal = {Engineering Analysis with Boundary Elements}
}


@article{zhan2019stabilized,
  title={A stabilized TL--WC SPH approach with GPU acceleration for three-dimensional fluid--structure interaction},
  author={Zhan, Ling and Peng, Chong and Zhang, Bingyin and Wu, Wei},
  journal={Journal of Fluids and Structures},
  volume={86},
  pages={329--353},
  year={2019},
  publisher={Elsevier}
}



@article{wang2020scale,
  title={A scale-invariant bonded particle model for simulating large deformation and failure of continua},
  author={Wang, Min},
  journal={Computers and Geotechnics},
  volume={126},
  pages={103735},
  year={2020},
  publisher={Elsevier}
}

@article{ng2020coupled,
  title={A coupled Smoothed Particle Hydrodynamics-Volume Compensated Particle Method (SPH-VCPM) for Fluid Structure Interaction (FSI) modelling},
  author={Ng, KC and Alexiadis, A and Chen, Hailong and Sheu, TWH},
  journal={Ocean Engineering},
  volume={218},
  pages={107923},
  year={2020},
  publisher={Elsevier}
}


@article{sun2021accurate,
  title={An accurate FSI-SPH modeling of challenging fluid-structure interaction problems in two and three dimensions},
  author={Sun, Peng-Nan and Le Touz{\'e}, David and Oger, Guillaume and Zhang, A-Man},
  journal={Ocean Engineering},
  volume={221},
  pages={108552},
  year={2021},
  publisher={Elsevier}
}


@article{khayyer2021multi,
  title={Multi-resolution ISPH-SPH for accurate and efficient simulation of hydroelastic fluid-structure interactions in ocean engineering},
  author={Khayyer, Abbas and Shimizu, Yuma and Gotoh, Hitoshi and Hattori, Shunsuke},
  journal={Ocean Engineering},
  pages={108652},
  year={2021},
  publisher={Elsevier}
}


@article{long2021coupling,
  title={Coupling edge-based smoothed finite element method with smoothed particle hydrodynamics for fluid structure interaction problems},
  author={Long, Ting and Huang, Can and Hu, Dean and Liu, Moubin},
  journal={Ocean Engineering},
  volume={225},
  pages={108772},
  year={2021},
  publisher={Elsevier}
}

@article{peng2021coupling,
  title={Coupling of WCSPH and RKPM for the simulation of incompressible fluid--structure interactions},
  author={Peng, Yu-Xiang and Zhang, A-Man and Wang, Shi-Ping},
  journal={Journal of Fluids and Structures},
  volume={102},
  pages={103254},
  year={2021},
  publisher={Elsevier}
}

@article{zhang2021deltasph,
  title={A $\delta$SPH--SPIM coupled method for fluid--structure interaction problems},
  author={Zhang, Guiyong and Hu, Taian and Sun, Zhe and Wang, Shuangqiang and Shi, Shuwen and Zhang, Zhifan},
  journal={Journal of Fluids and Structures},
  volume={101},
  pages={103210},
  year={2021},
  publisher={Elsevier}
}


@article{sun2019fully,
  title={A fully Lagrangian method for fluid--structure interaction problems with deformable floating structure},
  author={Sun, Yijie and Xi, Guang and Sun, Zhongguo},
  journal={Journal of Fluids and Structures},
  volume={90},
  pages={379--395},
  year={2019},
  publisher={Elsevier}
}


@article{hwang2014development,
  title={Development of a fully Lagrangian MPS-based coupled method for simulation of fluid--structure interaction problems},
  author={Hwang, Sung-Chul and Khayyer, Abbas and Gotoh, Hitoshi and Park, Jong-Chun},
  journal={Journal of Fluids and Structures},
  volume={50},
  pages={497--511},
  year={2014},
  publisher={Elsevier}
}

@article{zhang2021partitioned,
  title={Partitioned MPS-FEM method for free-surface flows interacting with deformable structures},
  author={Zhang, Guanyu and Zhao, Weiwen and Wan, Decheng},
  journal={Applied Ocean Research},
  volume={114},
  pages={102775},
  year={2021},
  publisher={Elsevier}
}



@article{connor2021fluid,
  title={A fluid--structure interaction model for free-surface flows and flexible structures using smoothed particle hydrodynamics on a GPU},
  author={O'Connor, Joseph and Rogers, Benedict D},
  journal={Journal of Fluids and Structures},
  volume={104},
  pages={103312},
  year={2021},
  publisher={Elsevier}
}


@article{nasar2019flexible,
  title={Flexible slender body fluid interaction: Vector-based discrete element method with Eulerian smoothed particle hydrodynamics},
  author={Nasar, AMA and Rogers, Benedict D and Revell, Alistair and Stansby, PK},
  journal={Computers \& Fluids},
  volume={179},
  pages={563--578},
  year={2019},
  publisher={Elsevier}
}

@article{khayyer2021coupled,
  title={A coupled incompressible SPH-Hamiltonian SPH solver for hydroelastic FSI corresponding to composite structures},
  author={Khayyer, Abbas and Shimizu, Yuma and Gotoh, Hitoshi and Nagashima, Ken},
  journal={Applied Mathematical Modelling},
  volume={94},
  pages={242--271},
  year={2021},
  publisher={Elsevier}
}


@article{monaghan-gingold-stars-mnras-77,
    AUTHOR = {R. A. Gingold and J. J. Monaghan},
    TITLE = {Smoothed particle hydrodynamics: Theory and
              application to non-spherical stars},
    JOURNAL = "Monthly Notices of the Royal Astronomical Society",
    YEAR  = "1977",
    VOLUME = 181,
    PAGES = "375--389"
}

@article{sph:xsph:monaghan-jcp89,
    author = {J. J. Monaghan},
    title = {On the problem of penetration in particle methods},
    journal = {Journal of Computational Physics},
    year = 1989,
    volume = 82,
    pages = {1--15}
}

@article{sph:fsf:monaghan-jcp94,
    author = {J. J. Monaghan},
    title = {Simulating Free Surface Flows with {SPH}},
    journal = {Journal of Computational Physics},
    year = 1994,
    volume = 110,
    pages = {399--406}
}

@article{zhang_hu_adams17,
 author = {Zhang, Chi. and Hu, Xiangyu Y. T. and Adams, Nikolaus A},
 title = {A generalized transport-velocity formulation for smoothed particle hydrodynamics},
 journal = {Journal of Computational Physics},
 volume = {337},
 year = {2017},
 pages = {216--232},
 }


@InProceedings{PR:pysph:scipy16,
  author    = {Prabhu Ramachandran},
  title     = {{PySPH}: a reproducible and high-performance framework for smoothed particle hydrodynamics },
  booktitle = { {P}roceedings of the 15th {P}ython in {S}cience {C}onference },
  pages     = { 127 - 135 },
  year      = { 2016 },
  editor    = { Sebastian Benthall and Scott Rostrup }
}

@Misc{pysph,
  author =    {Prabhu Ramachandran and Kunal Puri and others},
  title =     {{PySPH}: a Python-based {SPH} framework},
  year =      {2010--},
  url = {http://pypi.python.org/pypi/PySPH/}
}

@ARTICLE{pr:automan:2018,
author = {Prabhu Ramachandran},
journal = {Computing in Science \& Engineering},
title = {automan: A Python-Based Automation Framework for Numerical Computing},
year = {2018},
volume = {20},
number = {5},
pages = {81-97},
doi = {10.1109/MCSE.2018.05329818},
month={Sep./Oct.}
}


@article{monaghan-review:2005,
        AUTHOR = {J. J. Monaghan},
        TITLE = "{Smoothed Particle Hydrodynamics}",
        JOURNAL = "{Reports on Progress in Physics}",
        YEAR =  "2005",
        VOLUME = "68",
        PAGES = "1703-1759"
}

@article{williamson2004vortex,
  title={Vortex-induced vibrations},
  author={Williamson, Charles HK and Govardhan, R and others},
  journal={Annual review of fluid mechanics},
  volume={36},
  number={1},
  pages={413--455},
  year={2004}
}


@article{bearman2011circular,
  title={Circular cylinder wakes and vortex-induced vibrations},
  author={Bearman, PW},
  journal={Journal of Fluids and Structures},
  volume={27},
  number={5-6},
  pages={648--658},
  year={2011},
  publisher={Elsevier}
}

@article{lozovskiy2015unconditionally,
  title={An unconditionally stable semi-implicit FSI finite element method},
  author={Lozovskiy, Alexander and Olshanskii, Maxim A and Salamatova, Victoria and Vassilevski, Yuri V},
  journal={Computer Methods in Applied Mechanics and Engineering},
  volume={297},
  pages={437--454},
  year={2015},
  publisher={Elsevier}
}

@article{jasak2007updated,
  title={Updated Lagrangian finite volume solver for large deformation dynamic response of elastic body},
  author={Jasak, Hrvoje},
  journal={Transactions of FAMENA},
  volume={31},
  number={1},
  pages={55},
  year={2007}
}

@article{moresi2003lagrangian,
  title={A Lagrangian integration point finite element method for large deformation modeling of viscoelastic geomaterials},
  author={Moresi, Louis and Dufour, Fr{\'e}d{\'e}ric and M{\"u}hlhaus, H-B},
  journal={Journal of computational physics},
  volume={184},
  number={2},
  pages={476--497},
  year={2003},
  publisher={Elsevier}
}

@article{mittal2005immersed,
  title={Immersed boundary methods},
  author={Mittal, Rajat and Iaccarino, Gianluca},
  journal={Annu. Rev. Fluid Mech.},
  volume={37},
  pages={239--261},
  year={2005},
  publisher={Annual Reviews}
}

@article{olsson2005conservative,
  title={A conservative level set method for two phase flow},
  author={Olsson, Elin and Kreiss, Gunilla},
  journal={Journal of computational physics},
  volume={210},
  number={1},
  pages={225--246},
  year={2005},
  publisher={Elsevier}
}

@inproceedings{hu2010material,
  title={Material point method applied to fluid-structure interaction (FSI)/aeroelasticity problems},
  author={Hu, Patrick and Xue, Liping and Mao, Shaolin and Kamakoti, Ramji and Zhao, Hongwu and Dittakavi, Nagendra and Ni, Kan and Wang, Zhen and Li, Qingding},
  booktitle={48th AIAA aerospace sciences meeting including the new horizons forum and aerospace exposition},
  pages={1464},
  year={2010}
}


@article{li2022material,
  title={Material point method analysis of fluid--structure interaction in geohazards},
  author={Li, Xinpo and Yao, Jun and Sun, Yulian and Wu, Yong},
  journal={Natural Hazards},
  pages={1--19},
  year={2022},
  publisher={Springer}
}

@article{khayyer2022systematic,
  title={On systematic development of FSI solvers in the context of particle methods},
  author={Khayyer, Abbas and Gotoh, Hitoshi and Shimizu, Yuma},
  journal={Journal of Hydrodynamics},
  volume={34},
  number={3},
  pages={395--407},
  year={2022},
  publisher={Springer}
}

@article{zhan2019stabilized,
  title={A stabilized TL--WC SPH approach with GPU acceleration for three-dimensional fluid--structure interaction},
  author={Zhan, Ling and Peng, Chong and Zhang, Bingyin and Wu, Wei},
  journal={Journal of Fluids and Structures},
  volume={86},
  pages={329--353},
  year={2019},
  publisher={Elsevier}
}

@article{antoci2007numerical,
  title={Numerical simulation of fluid--structure interaction by SPH},
  author={Antoci, Carla and Gallati, Mario and Sibilla, Stefano},
  journal={Computers \& structures},
  volume={85},
  number={11-14},
  pages={879--890},
  year={2007},
  publisher={Elsevier}
}

@article{salehizadeh2022coupled,
  title={A Coupled ISPH-TLSPH Method for Simulating Fluid-Elastic Structure Interaction Problems},
  author={Salehizadeh, AM and Shafiei, AR},
  journal={Journal of Marine Science and Application},
  volume={21},
  number={1},
  pages={15--36},
  year={2022},
  publisher={Springer}
}

@article{zang2022investigation,
  title={Investigation of surface damage of ductile materials caused by rotating particles},
  author={Zang, Xuerui and Cao, Xuewen and Zhang, Jun and Xie, Zhenqiang and Xiong, Ni and Darihaki, Farzin and Bian, Jiang},
  journal={Wear},
  volume={488},
  pages={204185},
  year={2022},
  publisher={Elsevier}
}

@article{sun2020smoothed,
  title={A smoothed particle hydrodynamics--peridynamics coupling strategy for modeling fluid--structure interaction problems},
  author={Sun, Wei-Kang and Zhang, Lu-Wen and Liew, KM},
  journal={Computer Methods in Applied Mechanics and Engineering},
  volume={371},
  pages={113298},
  year={2020},
  publisher={Elsevier}
}

@article{singer2022partitioned,
  title={A partitioned material point method and discrete element method coupling scheme},
  author={Singer, Veronika and Sautter, Klaus B and Larese, Antonia and W{\"u}chner, Roland and Bletzinger, Kai-Uwe},
  journal={Advanced Modeling and Simulation in Engineering Sciences},
  volume={9},
  number={1},
  pages={1--24},
  year={2022},
  publisher={SpringerOpen}
}

@Article{acc_stab_xu:jcp:2009,
  author =       {Rui Xu and Peter Stansby and Dominique Laurence},
  title =        {Accuracy and stability in incompressible SPH ({ISPH}) based on the projection method and a new approach},
  journal =      {Journal of Computational Physics},
  year =         2009,
  volume =    228,
  number =    18,
  pages =     {6703--6725},
  doi = {10.1016/j.jcp.2009.05.032}
  }

@article{zhang2017generalized,
  title={A generalized transport-velocity formulation for smoothed particle hydrodynamics},
  author={Zhang, Chi and Hu, Xiangyu Y and Adams, Nikolaus A},
  journal={Journal of Computational Physics},
  volume={337},
  pages={216--232},
  year={2017},
  publisher={Elsevier}
}

@article{xu2009accuracy,
  title={Accuracy and stability in incompressible SPH (ISPH) based on the projection method and a new approach},
  author={Xu, Rui and Stansby, Peter and Laurence, Dominique},
  journal={Journal of computational Physics},
  volume={228},
  number={18},
  pages={6703--6725},
  year={2009},
  publisher={Elsevier}
}

@article{adepu2021corrected,
  title={A corrected transport-velocity formulation for fluid and structural mechanics with SPH},
  author={Adepu, Dinesh and Ramachandran, Prabhu},
  journal={arXiv preprint arXiv:2106.00756},
  year={2021}
}

@article{adami2013transport,
  title={A transport-velocity formulation for smoothed particle hydrodynamics},
  author={Adami, Stefan and Hu, XY and Adams, Nikolaus A},
  journal={Journal of Computational Physics},
  volume={241},
  pages={292--307},
  year={2013},
  publisher={Elsevier}
}

@article{gray2001sph,
  title={SPH elastic dynamics},
  author={Gray, James P and Monaghan, Joseph J and Swift, RP1021},
  journal={Computer methods in applied mechanics and engineering},
  volume={190},
  number={49-50},
  pages={6641--6662},
  year={2001},
  publisher={Elsevier}
}

@article{chalk2020stress,
  title={Stress-Particle Smoothed Particle Hydrodynamics: An application to the failure and post-failure behaviour of slopes},
  author={Chalk, CM and Pastor, M and Peakall, J and Borman, DJ and Sleigh, PA and Murphy, W and Fuentes, R},
  journal={Computer Methods in Applied Mechanics and Engineering},
  volume={366},
  pages={113034},
  year={2020},
  publisher={Elsevier}
}


@article{sugiura2017extension,
  title={An extension of Godunov SPH II: Application to elastic dynamics},
  author={Sugiura, Keisuke and Inutsuka, Shu-ichiro},
  journal={Journal of Computational Physics},
  volume={333},
  pages={78--103},
  year={2017},
  publisher={Elsevier}
}

@article{rastelli2022implicit,
  title={Implicit iterative particle shifting for meshless numerical schemes using kernel basis functions},
  author={Rastelli, P and Vacondio, R and Marongiu, JC and Fourtakas, G and Rogers, Benedict D},
  journal={Computer Methods in Applied Mechanics and Engineering},
  volume={393},
  pages={114716},
  year={2022},
  publisher={Elsevier}
}

@article{koshizuka1995particle,
  title={A particle method for incompressible viscous flow with fluid fragmentation},
  author={Koshizuka, Seichii},
  journal={Comput. Fluid Dyn. J.},
  volume={4},
  pages={29},
  year={1995}
}

@article{bogaers2016evaluation,
  title={An evaluation of quasi-Newton methods for application to FSI problems involving free surface flow and solid body contact},
  author={Bogaers, Alfred EJ and Kok, Schalk and Reddy, B Dayanand and Franz, Thierry},
  journal={Computers \& Structures},
  volume={173},
  pages={71--83},
  year={2016},
  publisher={Elsevier}
}


@article{morris-lowRe-97,
 author = {Morris, Joseph P. and Fox, Patrick J. and Zhu, Yi},
 title = {Modeling low Reynolds number incompressible flows using {SPH}},
 journal = {Journal of Computational Physics},
 volume = {136},
 number = {1},
 year = {1997},
 pages = {214--226},
 doi = {http://dx.doi.org/10.1006/jcph.1997.5776},
 publisher = {Academic Press Professional, Inc.},
 address = {San Diego, CA, USA},
 }


@InProceedings{PRKP:edac-sph-iccm2015,
  author =       {Prabhu Ramachandran and Kunal Puri},
  title =        {Entropically Damped Artificial Compressibility for
      {SPH}},
  booktitle =    {Proceedings of the 6th International Conference on
      Computational Methods 5 conference},
  OPTcrossref =  {},
  OPTkey =       {},
  pages =     {Paper ID 1210},
  year =         {2015},
  editor =    {G.~R.~Liu and Raj Das},
  volume =    {2},
  OPTnumber =    {},
  OPTseries =    {},
  address =   {Auckland, New Zealand},
  month =        {14th -- 17th, July},
  OPTorganization = {},
  OPTpublisher = {ScienTech},
  OPTnote =      {},
  url = {http://www.sci-en-tech.com/ICCM2015/PDFs/1210-3216-1-PB.pdf},
  OPTannote =    {}
}


@article{sun_consistent_2019,
    title = {A consistent approach to particle shifting in the delta - {Plus} -{SPH} model},
    volume = {348},
    issn = {00457825},
    doi = {10.1016/j.cma.2019.01.045},
    language = {en},
    journal = {Computer Methods in Applied Mechanics and Engineering},
    author = {Sun, P.N. and Colagrossi, A. and Marrone, S. and Antuono, M. and Zhang, A.-M.},
    month = may,
    year = {2019},
    pages = {912--934},
}

@article{huang_kernel_2019,
    title = {A kernel gradient-free {SPH} method with iterative particle shifting technology for modeling low-{Reynolds} flows around airfoils},
    volume = {106},
    issn = {09557997},
    doi = {10.1016/j.enganabound.2019.06.010},
    language = {en},
    journal = {Engineering Analysis with Boundary Elements},
    author = {Huang, C. and Long, T. and Li, S.M. and Liu, M.B.},
    month = sep,
    year = {2019},
    pages = {571--587},
}


@article{Adami2012,
author = {Adami, S. and Hu, X.Y. and Adams, N.A.},
doi = {10.1016/j.jcp.2012.05.005},
journal = {Journal of Computational Physics},
month = Aug,
number = {21},
pages = {7057--7075},
title = {{A generalized wall boundary condition for smoothed particle hydrodynamics}},
volume = {231},
year = {2012}
}
